% thesis.bib
@online{case,
    author    = {Bob Emmerson},
    title     = {The Case for SDN},
    url       = {https://www.nojitter.com/case-sdn},
    year = {2012},
	urldate = {2021-12-16},
}
@article{improve,
    author =      {Hyojoon Kim, Nick Feamster},
    title =        {Improving Network Management with Software Defined Networking},
    journal =      {IEEE Communications Magazine},
    year =         "2013",
}